@article{dijkstra59,
year={1959},
issn={0029-599X},
journal={Numerische Mathematik},
volume={1},
number={1},
doi={10.1007/BF01386390},
title={A note on two problems in connexion with graphs},
url={http://dx.doi.org/10.1007/BF01386390},
publisher={Springer-Verlag},
author={Dijkstra, Edsger Wybe},
pages={269-271},
}

@incollection{SinkhornDistances,
title = {Sinkhorn Distances: Lightspeed Computation of Optimal Transport},
author = {Cuturi, Marco},
booktitle = {Advances in Neural Information Processing Systems 26},
editor = {C. J. C. Burges and L. Bottou and M. Welling and Z. Ghahramani and K. Q. Weinberger},
pages = {2292--2300},
year = {2013},
publisher = {Curran Associates, Inc.},
url = {http://papers.nips.cc/paper/4927-sinkhorn-distances-lightspeed-computation-of-optimal-transport.pdf}
}
